Plačiau apie šaltinių tipus ir jų atributus:
http://mirror.datacenter.by/pub/mirrors/CTAN/macros/latex/contrib/biblatex/doc/biblatex.pdf#subsection.2.1
@misc{PAD17,
    author={Arvind Padmanabhan},
    title={Dependency Manager, \protect\url{https://devopedia.org/dependency-manager}},
    year={2017},
    langid={english}
}

@misc{MAT17,
    author={Seun Matt},
    title={What are Dependency Managers?, \protect\url{https://medium.com/prodsters/what-are-dependency-managers-26d7d907deb8}},
    year={2017},
    langid={english}
}

@misc{COX18a,
    author={Russ Cox},
    title={Go += Package Versioning, \protect\url{https://research.swtch.com/vgo-intro}},
    year={2018},
    langid={english}
}

@misc{COX18b,
    author={Russ Cox},
    title={cmd/go: add package version support to Go toolchain, \protect\url{https://github.com/golang/go/issues/24301}},
    year={2019},
    langid={english}
}

@misc{GOLANG19,
    author = {Golang},
    title={Go 1.11 Release Notes, \protect\url{https://golang.org/doc/go1.11}},
    year={2019},
    langid={english}
}

@misc{COX18c,
    author={Russ Cox},
    title={Proposal: Versioned Go Modules, \protect\url{https://go.googlesource.com/proposal/+/master/design/24301-versioned-go.md}},
    year={2018},
    langid={english}
}

@misc{COX18d,
    author={Russ Cox},
    title={Semantic Import Versioning, \protect\url{https://research.swtch.com/vgo-import}},
    year={2018},
    langid={english}
}

@misc{COX18e,
    author={Russ Cox},
    title={Opening keynote: Go with Versions, \protect\url{https://www.youtube.com/watch?v=F8nrpe0XWRg&t=1663s}},
    year={2018},
    langid={english}
}

@misc{COX18f,
    author={Russ Cox},
    title={Cargo newest, \protect\url{https://research.swtch.com/cargo-newest.html}},
    year={2018},
    langid={english}
}

@misc{NPMa,
    author = {Npm},
    title={About npm, \protect\url{https://docs.npmjs.com/about-npm/index.html}},
    langid={english}
}

@misc{NPMb,
    author = {Npm},
    title={About semantic versioning, \protect\url{https://docs.npmjs.com/about-semantic-versioning}},
    langid={english}
}

@misc{GAU18,
    author={Shardendu Kumar Gautam},
    title={Why package.json? | npm basics, \protect\url{https://medium.com/beginners-guide-to-mobile-web-development/why-package-json-npm-basics-cab3e8cd150}},
    year={2018},
    langid={english}
}

@misc{PIT15,
    author={Panu Pitkämäki},
    title={Semver explained - why is there a caret (\^) in my package.json?, \protect\url{https://bytearcher.com/articles/semver-explained-why-theres-a-caret-in-my-package-json}},
    year={2015},
    langid={english}
}

@misc{NPMc,
    author = {Npm},
    title={npm-package-lock.json, \protect\url{https://docs.npmjs.com/files/package-lock.json}},
    langid={english}
}

@misc{MAVENa,
    author = {Maven},
    title={What is maven, \protect\url{https://maven.apache.org/what-is-maven.html}},
    langid={english}
}

@misc{MAVENb,
    author = {Maven},
    title={Introduction to the POM, \protect\url{https://maven.apache.org/guides/introduction/introduction-to-the-pom.html}},
    langid={english}
}

@misc{MAVENc,
    author = {Maven},
    title={Introduction to repositories, \protect\url{https://maven.apache.org/guides/introduction/introduction-to-repositories.html}},
    langid={english}
}

@misc{MAVENd,
    author = {Maven},
    title={Introduction to the Dependency Mechanism, \protect\url{https://maven.apache.org/guides/introduction/introduction-to-dependency-mechanism.html}},
    langid={english}
}

@misc{ORACLEa,
    author = {Oracle},
    title={Understanding Maven Version Numbers, \protect\url{https://docs.oracle.com/middleware/1212/core/MAVEN/maven\_version.htm}},
    langid={english}
}

@misc{LIG18,
    author={Andrea Ligios},
    title={Use the Latest Version of a Dependency in Maven, \protect\url{https://www.baeldung.com/maven-dependency-latest-version}},
    year={2018},
    langid={english}
}

@misc{VB14,
    author={Balaji Varanasi, Sudha Belida},
    title={Introducing Maven},
    year={2014},
    langid={english}
}

